@article{meyer2003pressures,
  title={Pressures produced when penguins pooh—calculations on avian defaecation},
  author={Meyer-Rochow, Victor Benno and Gal, Jozsef},
  journal={Polar Biology},
  volume={27},
  number={1},
  pages={56--58},
  year={2003},
  publisher={Springer}
}

@misc{pythonRobotics,
Author = {Atsushi Sakai and Daniel Ingram and Joseph Dinius and Karan Chawla and Antonin Raffin and Alexis Paques},
Title = {PythonRobotics: a Python code collection of robotics algorithms},
Year = {2018},
Eprint = {arXiv:1808.10703}
}

@misc{rscvdnn,
	author = "Chin Yuan Chang",
	title = "RealSense OpenCV DNN Object Detection", 
	year = 2018,
	language = "English",
	howpublished = {\url=https://github.com/twMr7/rscvdnn},
	type = "SourceCode"}

@conference{slidingShapes,
	title={Sliding Shapes for 3D Object Detection in Depth Images},
  author={Shuran Song and Jianxiong Xiao},
  year={2014},
  publisher={13th European Conference on Computer Vision}
}
	
@article{rrt,
	author = "Steven M. LaValle and James J. Kuffner Jr.",
	title = "Rapidly-Exploring Random Trees: Progress and Prospects", 
	year = 2001,
	booktitle = "Algorithmic and computational robotics: new directions",
	language = "English",
	pages={293--308}
	}
	
@article{rrtCompare,
	author = "Iram Noreen, Amna Khan, Zulfiqar Habib",
	title = "A Comparison of RRT, RRT* and RRT*-Smart Path Planning Algorithms", 
	year = 2016,
	journal={IJCSNS International Journal of Computer Science and Network Security},
  volume={16},
  number={10},
  pages={20--27}
	}

@manual{realSenseD400,
  title = "Intel RealSense D400 Series Product Family",
  year = 2019,
  type = "Datasheet"
}

@book{convexOpt,
  title = "Convex Optimization",
  author = "Stephen Boyd and Lieven Vandenberghe",
  year = 2009,
  publisher={Cambridge University Press}
}

@electronic{miniEllipsoid,
  author = {Almir Mutapcic},
  title = {Minimum volume ellipsoid covering a finite set},
  year = 2019,
  url = {http://web.cvxr.com/cvx/examples/cvxbook/Ch08_geometric_probs/html/min_vol_elp_finite_set.html}
}

@article{choset2015robotic,
  title={Robotic Motion Planning: RRT’s},
  author={Choset, Howie},
  journal={Visited on},
  pages={09--27},
  year={2015}
}

@misc{bag,
  title = {Bags},
  author = {Issac Saito},
  year = 2015,
  howpublished = {\url=http://wiki.ros.org/Bags}
  }